@article{royle_distsamp_2004,
	title = {Modeling abundance effects in distance sampling},
	volume = {85},
	number = {},
	journal = {Ecology},
	author = {J. A. Royle and D. K. Dawson and S. Bates},
	year = {2004},
	pages = {1591--1597}
}

